<?xml version="1.0" encoding="UTF-8"?><collection xmlns="http://www.loc.gov/MARC21/slim"><record><leader>00611nam--2200181-i-4500</leader><controlfield tag="001">000014686</controlfield><controlfield tag="002">20161230</controlfield><controlfield tag="005">20161230201030</controlfield><controlfield tag="008">060222s1000------------r-----000-0-eng-d</controlfield><datafield ind1=" " ind2=" " tag="040"><subfield code="a">IFIN-HH</subfield></datafield><datafield ind1=" " ind2=" " tag="080"><subfield code="a">539.2</subfield></datafield><datafield ind1="1" ind2=" " tag="100"><subfield code="a">Nudelman, Sol</subfield></datafield><datafield ind1="1" ind2="0" tag="245"><subfield code="a">Optical properties of solids</subfield><subfield code="b">Papers from the nato advanced study institute on optical properties of solids held august 7-20, 1966, at freiburg, germany</subfield><subfield code="c">Sol nudelman, s.s. mitra (eds.)</subfield></datafield><datafield ind1=" " ind2=" " tag="260"><subfield code="a">New York</subfield><subfield code="b">Plenum Press</subfield><subfield code="c">1969</subfield></datafield><datafield ind1=" " ind2=" " tag="300"><subfield code="a">XI+641P</subfield></datafield><datafield ind1=" " ind2=" " tag="490"><subfield code="a">Optical Physics And Engineering</subfield></datafield><datafield ind1=" " ind2=" " tag="852"><subfield code="a">30788</subfield><subfield code="c">539.2</subfield></datafield><datafield ind1=" " ind2=" " tag="CAT"><subfield code="a">Sys</subfield><subfield code="c">20121016</subfield><subfield code="h">105919</subfield></datafield></record></collection>